[gd_scene load_steps=23 format=1]

[ext_resource path="res://scripts/scrMonoBlanco.gd" type="Script" id=1]
[ext_resource path="res://resources/Mono1/brazoConPlatano/brazoPlatano0.png" type="Texture" id=2]
[ext_resource path="res://resources/Mono1/brazoConPlatano/brazoPlatano1.png" type="Texture" id=3]
[ext_resource path="res://resources/Mono1/brazoConPlatano/brazoPlatano2.png" type="Texture" id=4]
[ext_resource path="res://resources/Mono1/brazoConPlatano/brazoPlatano3.png" type="Texture" id=5]
[ext_resource path="res://resources/Mono1/golpeo_puno/brazo4.png" type="Texture" id=6]
[ext_resource path="res://resources/Mono1/golpeo_puno/brazo0.png" type="Texture" id=7]
[ext_resource path="res://resources/Mono1/golpeo_puno/brazo1.png" type="Texture" id=8]
[ext_resource path="res://resources/Mono1/golpeo_puno/brazo2.png" type="Texture" id=9]
[ext_resource path="res://resources/Mono1/golpeo_puno/brazo3.png" type="Texture" id=10]
[ext_resource path="res://resources/Mono1/caminando/caminar0.png" type="Texture" id=11]
[ext_resource path="res://resources/Mono1/caminando/caminar1.png" type="Texture" id=12]
[ext_resource path="res://resources/Mono1/caminando/caminar2.png" type="Texture" id=13]

[sub_resource type="CapsuleShape2D" id=1]

custom_solver_bias = 0.0
radius = 10.0
height = 80.2162

[sub_resource type="CircleShape2D" id=2]

custom_solver_bias = 0.0
radius = 10.0

[sub_resource type="SpriteFrames" id=3]

animations = [ {
"frames": [ ExtResource( 2 ), ExtResource( 3 ), ExtResource( 4 ), ExtResource( 5 ), ExtResource( 6 ) ],
"loop": true,
"name": "default",
"speed": 5.0
} ]

[sub_resource type="SpriteFrames" id=4]

animations = [ {
"frames": [ ExtResource( 7 ), ExtResource( 8 ), ExtResource( 9 ), ExtResource( 10 ), ExtResource( 6 ) ],
"loop": true,
"name": "default",
"speed": 5.0
} ]

[sub_resource type="SpriteFrames" id=5]

animations = [ {
"frames": [ ExtResource( 11 ), ExtResource( 12 ), ExtResource( 13 ) ],
"loop": true,
"name": "default",
"speed": 5.0
} ]

[sub_resource type="Animation" id=6]

length = 0.8
loop = true
step = 0.4
tracks/0/type = "value"
tracks/0/path = NodePath("cuerpo:frame")
tracks/0/interp = 1
tracks/0/imported = false
tracks/0/keys = {
"times": FloatArray( 0, 0.4, 0.8 ),
"transitions": FloatArray( 1, 1, 1 ),
"update": 1,
"values": [ 0, 1, 2 ]
}

[sub_resource type="Animation" id=7]

resource/name = "golpear"
length = 0.5
loop = false
step = 0.1
tracks/0/type = "value"
tracks/0/path = NodePath("puno:frame")
tracks/0/interp = 1
tracks/0/imported = false
tracks/0/keys = {
"times": FloatArray( 0, 0.1, 0.2, 0.3, 0.4, 0.5 ),
"transitions": FloatArray( 1, 1, 1, 1, 1, 1 ),
"update": 1,
"values": [ 0, 1, 2, 3, 4, 0 ]
}
tracks/1/type = "value"
tracks/1/path = NodePath("colision_golpe:transform/pos")
tracks/1/interp = 1
tracks/1/imported = false
tracks/1/keys = {
"times": FloatArray( 0, 0.1, 0.2, 0.3, 0.4, 0.5 ),
"transitions": FloatArray( 1, 1, 1, 1, 1, 1 ),
"update": 0,
"values": [ Vector2( -24.7726, -65.6236 ), Vector2( -4.23889, -67.2446 ), Vector2( 22.2387, -64.0025 ), Vector2( 41.6917, -35.9037 ), Vector2( 49.7971, -12.6683 ), Vector2( -22.6112, -65.6236 ) ]
}

[sub_resource type="Animation" id=8]

resource/name = "lanzarPlatano"
length = 0.5
loop = false
step = 0.1
tracks/0/type = "value"
tracks/0/path = NodePath("mono_platano:frame")
tracks/0/interp = 1
tracks/0/imported = false
tracks/0/keys = {
"times": FloatArray( 0, 0.1, 0.2, 0.3, 0.4, 0.5 ),
"transitions": FloatArray( 1, 1, 1, 1, 1, 1 ),
"update": 1,
"values": [ 0, 1, 2, 3, 4, 0 ]
}

[sub_resource type="Animation" id=9]

resource/name = "quietoConPlatano"
length = 0.01
loop = true
step = 0.25
tracks/0/type = "value"
tracks/0/path = NodePath("mono_platano:frame")
tracks/0/interp = 1
tracks/0/imported = false
tracks/0/keys = {
"times": FloatArray( 0 ),
"transitions": FloatArray( 1 ),
"update": 1,
"values": [ 0 ]
}

[node name="monoBlanco" type="RigidBody2D"]

input/pickable = false
shapes/0/shape = SubResource( 1 )
shapes/0/transform = Matrix32( 2.34459, 0, 0, 1.14726, -18.4924, 4.30444 )
shapes/0/trigger = false
shapes/1/shape = SubResource( 2 )
shapes/1/transform = Matrix32( 1.20542, 0, 0, 1.12229, -22.6112, -65.6236 )
shapes/1/trigger = false
collision/layers = 1
collision/mask = 1
mode = 2
mass = 3.0
friction = 0.0
bounce = 0.0
gravity_scale = 1.0
custom_integrator = true
continuous_cd = 0
contacts_reported = 1
contact_monitor = true
sleeping = false
can_sleep = true
velocity/linear = Vector2( 0, 0 )
velocity/angular = 0.0
damp_override/linear = -1.0
damp_override/angular = -1.0
script/script = ExtResource( 1 )

[node name="CollisionShape2D" type="CollisionShape2D" parent="."]

transform/pos = Vector2( -18.4924, 4.30444 )
transform/scale = Vector2( 2.34459, 1.14726 )
shape = SubResource( 1 )
trigger = false
_update_shape_index = 0

[node name="mono_platano" type="AnimatedSprite" parent="."]

transform/scale = Vector2( 0.5, 0.5 )
frames = SubResource( 3 )
animation = "default"

[node name="puno" type="AnimatedSprite" parent="."]

transform/scale = Vector2( 0.5, 0.5 )
frames = SubResource( 4 )
animation = "default"

[node name="colision_golpe" type="CollisionShape2D" parent="."]

transform/pos = Vector2( -22.6112, -65.6236 )
transform/scale = Vector2( 1.20542, 1.12229 )
shape = SubResource( 2 )
trigger = false
_update_shape_index = 1

[node name="cuerpo" type="AnimatedSprite" parent="."]

transform/scale = Vector2( 0.5, 0.5 )
frames = SubResource( 5 )
animation = "default"

[node name="posicion_platano" type="Position2D" parent="."]

transform/pos = Vector2( 12.2176, -61.9025 )

[node name="anim" type="AnimationPlayer" parent="."]

playback/process_mode = 1
playback/default_blend_time = 0.0
root/root = NodePath("..")
anims/caminarConPlatano = SubResource( 6 )
anims/golpear = SubResource( 7 )
anims/lanzarPlatano = SubResource( 8 )
anims/quietoConPlatano = SubResource( 9 )
playback/active = true
playback/speed = 2.0
blend_times = [  ]
autoplay = ""


